@article{abdelrazec2017mathematical,
  title={Mathematical assessment of the role of temperature and rainfall on mosquito population dynamics},
  author={Abdelrazec, Ahmed and Gumel, Abba B},
  journal={Journal of mathematical biology},
  volume={74},
  number={6},
  pages={1351--1395},
  year={2017},
  publisher={Springer}
}

@article{beck2013effect,
	title={The effect of temperature on Anopheles mosquito population dynamics and the potential for malaria transmission},
	author={Beck-Johnson, Lindsay M and Nelson, William A and Paaijmans, Krijn P and Read, Andrew F and Thomas, Matthew B and Bj{\o}rnstad, Ottar N},
	journal={PLOS one},
	volume={8},
	number={11},
	pages={e79276},
	year={2013},
	publisher={Public Library of Science}
}

@article{beck2013temperature,
	title={Temperature impacts on mosquito population dynamics and malaria transmission},
	author={Beck-Johnson, Lindsay McLean},
	year={2013}
}

@article{beck2017importance,
	title={The importance of temperature fluctuations in understanding mosquito population dynamics and malaria risk},
	author={Beck-Johnson, Lindsay M and Nelson, William A and Paaijmans, Krijn P and Read, Andrew F and Thomas, Matthew B and Bj{\o}rnstad, Ottar N},
	journal={Royal Society open science},
	volume={4},
	number={3},
	pages={160969},
	year={2017},
	publisher={The Royal Society Publishing}
}

@inproceedings{hamdan2020effect,
	title={The effect of temperature on mosquito population dynamics of Aedes aegypti: The primary vector of dengue},
	author={Hamdan, Nurâ€™Izzati and Kilicman, Adem},
	booktitle={AIP Conference Proceedings},
	volume={2266},
	number={1},
	pages={050002},
	year={2020},
	organization={AIP Publishing LLC}
}

@MISC{WikBlack5,
	KEY = {WHO},
	TITLE = {Malaria},
	HOWPUBLISHED = {World Health Organization, \url{https://www.who.int/news-room/fact-sheets/detail/malaria}},
	YEAR = {2020}
}

@article{bayoh2004temperature,
	title={Temperature-related duration of aquatic stages of the Afrotropical malaria vector mosquito Anopheles gambiae in the laboratory},
	author={Bayoh, M Nabie and Lindsay, Steve W},
	journal={Medical and veterinary entomology},
	volume={18},
	number={2},
	pages={174--179},
	year={2004},
	publisher={Wiley Online Library}
}

@article{bayoh2003effect,
	title={Effect of temperature on the development of the aquatic stages of Anopheles gambiae sensu stricto (Diptera: Culicidae)},
	author={Bayoh, Mohamed N and Lindsay, Steve W},
	journal={Bulletin of entomological research},
	volume={93},
	number={5},
	pages={375--381},
	year={2003},
	publisher={Cambridge University Press}
}

@article{yang2011follow,
	title={Follow up estimation of Aedes aegypti entomological parameters and mathematical modellings},
	author={Yang, Hyun Mo and da Gra{\c{c}}a Macoris, Maria de Lourdes and Galvani, Karen Cristina and Andrighetti, Maria Teresa Macoris},
	journal={Biosystems},
	volume={103},
	number={3},
	pages={360--371},
	year={2011},
	publisher={Elsevier}
}

@article{esteva2015assessing,
	title={Assessing the effects of temperature and dengue virus load on dengue transmission},
	author={Esteva, Lourdes and Yang, Hyun Mo},
	journal={Journal of Biological Systems},
	volume={23},
	number={04},
	pages={1550027},
	year={2015},
	publisher={World Scientific}
}

@article{abiodun2016modelling,
  title={Modelling the influence of temperature and rainfall on the population dynamics of Anopheles arabiensis},
  author={Abiodun, Gbenga J and Maharaj, Rajendra and Witbooi, Peter and Okosun, Kazeem O},
  journal={Malaria journal},
  volume={15},
  number={1},
  pages={364},
  year={2016},
  publisher={Springer}
}

@inproceedings{Ocspp2016SuccessIM,
	title={Success in Mosquito Control: An Integrated Approach},
	author={Ocspp and Opp and Fead},
	year={2016}
}

@article{agusto2015qualitative,
	title={Qualitative assessment of the role of temperature variations on malaria transmission dynamics},
	author={Agusto, FB and Gumel, AB and Parham, PE},
	journal={Journal of Biological Systems},
	volume={23},
	number={04},
	pages={1550030},
	year={2015},
	publisher={World Scientific}
}

@article{mordecai2013optimal,
	title={Optimal temperature for malaria transmission is dramatically lower than previously predicted},
	author={Mordecai, Erin A and Paaijmans, Krijn P and Johnson, Leah R and Balzer, Christian and Ben-Horin, Tal and de Moor, Emily and McNally, Amy and Pawar, Samraat and Ryan, Sadie J and Smith, Thomas C and others},
	journal={Ecology letters},
	volume={16},
	number={1},
	pages={22--30},
	year={2013},
	publisher={Wiley Online Library}
}


@article{hurford2019regional,
	title={Regional climate affects salmon lice dynamics, stage structure and management},
	author={Hurford, Amy and Wang, Xiunan and Zhao, Xiao-Qiang},
	journal={Proceedings of the Royal Society B},
	volume={286},
	number={1904},
	pages={20190428},
	year={2019},
	publisher={The Royal Society}
}

@article{ewing2016modelling,
	title={Modelling the effect of temperature on the seasonal population dynamics of temperate mosquitoes},
	author={Ewing, David Andrew and Cobbold, Christina A and Purse, BV and Nunn, MA and White, Steven M},
	journal={Journal of theoretical biology},
	volume={400},
	pages={65--79},
	year={2016},
	publisher={Elsevier}
}












